%% This BibTeX bibliography file was created using BibDesk.
%% http://bibdesk.sourceforge.net/


%% Created for Hendrik Schreiber at 2017-08-18 14:48:57 +0200 


%% Saved with string encoding Unicode (UTF-8) 



@inproceedings{schreiber_improving_2015,
	Address = {M{\'a}laga, Spain},
	Author = {Schreiber, H.},
	Booktitle = {International Society for Music Information Retrieval (ISMIR'15) Conference},
	Date-Modified = {2017-08-18 12:47:36 +0000},
	Keywords = {AcousticBrainz papers, genre classification, genre dataset, genre taxonomy, ground truth agreement},
	Pages = {241--247},
	Title = {Improving genre annotations for the {Million} {Song} {Dataset}},
	Urldate = {2016-04-11},
	Year = {2015}}

@inproceedings{porter2015acousticbrainz,
	Address = {M{\'a}laga, Spain},
	Author = {Alastair Porter and Dmitry Bogdanov and Robert Kaye and Roman Tsukanov and Serra, Xavier},
	Booktitle = {International Society for Music Information Retrieval (ISMIR'15) Conference},
	Date-Modified = {2017-08-18 12:47:31 +0000},
	Pages = {786--792},
	Title = {AcousticBrainz: a community platform for gathering music information obtained from audio},
	Year = {2015}}

@inproceedings{bogdanov2013essentia,
	Address = {Curitiba, Brazil},
	Author = {Bogdanov, D. and Wack, N. and G{\'o}mez, E. and Gulati, S. and Herrera, P. and Mayor, O. and Roma, G. and Salamon, J. and Zapata, J.R. and Serra, X.},
	Booktitle = {International Society for Music Information Retrieval (ISMIR'13) Conference},
	Date-Modified = {2017-08-18 12:48:14 +0000},
	Pages = {493--498},
	Title = {Essentia: An Audio Analysis Library for Music Information Retrieval},
	Year = {2013}}

@inproceedings{porter2016mining,
	Author = {Porter, A. and Bogdanov, D. and Serra, X.},
	Booktitle = {International workshop on Digital Libraries for Musicology (DLfM'16)},
	Organization = {ACM},
	Pages = {53--56},
	Title = {Mining metadata from the web for {A}coustic{B}rainz},
	Year = {2016}}

@inproceedings{flexer2009album,
	Author = {Flexer, A. and Schnitzer, D.},
	Booktitle = {Sound and Music Computing Conference (SMC'09)},
	Title = {Album and Artist Effects for Audio Similarity at the Scale of the {W}eb},
	Year = {2009}}

@article{sturm2013classification,
	Author = {Sturm, Bob L},
	Journal = {Journal of Intelligent Information Systems},
	Title = {Classification accuracy is not enough: On the evaluation of music genre recognition systems},
	Year = {2013}}

@article{Sturm2014state,
	Author = {Sturm, Bob L.},
	Journal = {Journal of New Music Research},
	Number = {2},
	Pages = {147--172},
	Title = {{The State of the Art Ten Years After a State of the Art: Future Research in Music Information Retrieval}},
	Volume = {43},
	Year = {2014}}

@misc{acousticbrainz,
	Author = {AcousticBrainz},
	Date-Modified = {2017-08-18 12:48:57 +0000},
	Url = {https://acousticbrainz.org},
	Year = {2017},
	Bdsk-Url-1 = {https://acousticbrainz.org}}

@misc{allmusic,
	Author = {AllMusic},
	Url = {https://allmusic.com},
	Year = {2017},
	Bdsk-Url-1 = {https://allmusic.com}}

@misc{discogs,
	Author = {Discogs},
	Url = {https://discogs.com},
	Year = {2017},
	Bdsk-Url-1 = {https://discogs.com}}

@misc{lastfm,
	Author = {Lastfm},
	Url = {https://last.fm},
	Year = {2017},
	Bdsk-Url-1 = {https://last.fm}}

@misc{tagtraum,
	Author = {Tagtraum},
	Url = {http://www.tagtraum.com},
	Year = {2017},
	Bdsk-Url-1 = {http://www.tagtraum.com}}

@mis{beatunes,
	Author = {beaTunes},
	Date-Modified = {2017-08-18 12:48:29 +0000},
	Url = {https://www.beatunes.com},
	Year = {2017},
	Bdsk-Url-1 = {https://www.beatunes.com}}
